@Book{Wal07,
    author = "Walpole, Ronald and Myers, Raymond and Myers, Sharon and Ye, Keying",
    title = "Probability and Statics for Engineers and Scientists",
    publisher = "Pearson Education International",
    year = "2007"
}
@Book{Hor09,
    author = "Horgan, Jane",
    title = "Probabilty with R An Introduction With Computer Science Applications",
    publisher = "John Wiley \& Sons, Inc.",
    year = "2009"
}
@Book{Akr16,
    author = "Akritas, Michael",
    title = "Probability and Statistics with R for Engineers and Scientists",
    publisher = "Pearson Education International",
    year = "2016"
}